2654 4740
18 37 148 239 s,

180 406 202 470 o
555 367 807 473 prasino.

179 601 233 665 tris
249 599 427 665 Graecorum
442 603 480 665 ab
495 601 666 666 hominibus
689 600 800 667 callidis
823 609 854 665 et
873 601 973 686 peritis
987 602 1190 672 animadversa

176 743 216 787 ac
231 734 331 785 notata
345 735 424 802 sunt,
445 746 481 787 ex
498 747 554 787 usu
569 735 683 787 tantum
698 721 949 787 etconsuetudine
967 724 1126 790 Poetarum
1138 727 1190 791 de»

179 831 381 922 ducebantur3
404 844 563 921 minusaut
574 845 731 920 rationibus
745 845 782 906 de
793 857 897 914 natura
912 847 1058 934 cujusque
1072 847 1188 930 generis
1233 867 1236 872 ’

177 963 267 1040 initis,
289 978 341 1030 aut
361 966 502 1046 consiliis,
525 955 562 1032 de
584 972 703 1033 musices
727 965 949 1046 variationibus,
971 992 1037 1054 quae
1057 968 1188 1034 choricis
1243 945 1254 959 ⁸

175 1085 210 1186 in
224 1076 360 1153 cantibus
375 1094 466 1153 verba
484 1089 620 1154 comitari
642 1083 722 1153 solita
744 1099 800 1162 est,
819 1087 937 1152 habitis·
981 1091 1102 1162 Quanta
1117 1115 1187 1157 vero

106 1217 109 1233 ²
176 1210 365 1292 perfecerint,
392 1212 525 1298 quamvis
554 1211 645 1276 omnir
668 1229 727 1270 non
753 1209 914 1292 potuerint,
940 1233 1029 1274 nemo
1055 1237 1105 1276 me
1128 1238 1185 1297 pro

174 1307 269 1393 nihilo
295 1333 405 1397 habere
433 1347 485 1397 aut
508 1334 670 1399 habituum
690 1329 818 1416 judicet.
866 1331 939 1398 Hoc
968 1348 1083 1400 tautum
1112 1360 1185 1401 con·

175 1450 294 1517 firmare
315 1456 421 1534 audeo,
445 1455 539 1519 muita
560 1456 647 1520 adine
673 1451 824 1536 incognita
851 1468 882 1519 et
906 1479 1026 1540 prorsus
1046 1459 1078 1521 in
1103 1472 1185 1524 tene·

174 1572 237 1637 bris
252 1576 352 1640 abdita
369 1575 474 1656 tatere,
497 1601 564 1663 quae
571 1571 738 1638 criticorum
760 1574 877 1658 ingenia
899 1589 929 1640 et
950 1566 1121 1643 facultatem
1136 1584 1185 1644 fu·

175 1705 311 1760 tumtum
325 1721 464 1762 exercere
486 1698 606 1762 valent:
631 1691 673 1754 Et
687 1716 749 1777 quo
761 1717 799 1757 ea
814 1697 949 1777 graviora
965 1713 1043 1776 sunt,
1066 1723 1104 1763 eo
1120 1722 1183 1764 ms·

169 1816 271 1900 jorern
297 1843 399 1884 curam
423 1812 638 1898 esurientium
661 1815 813 1898 postulare
827 1817 971 1884 videntur.
1016 1819 1127 1905 Neque
1152 1820 1184 1884 iu

174 1939 336 2024 quidquam
363 1940 479 2019 melius,
504 1955 564 1996 nea
588 1933 711 2019 quidem
734 1921 887 2017 sententia,
917 1940 1051 2009 homines
1073 1940 1183 2006 eruditi

172 2060 271 2125 studia
286 2076 316 2125 et
331 2063 425 2126 otium
440 2056 561 2126 corserre
574 2071 707 2139 possunt,
723 2082 814 2144 quam
829 2061 859 2124 in
873 2085 979 2125 causas
992 2062 1118 2151 alicujus
1129 2088 1181 2148 go-

172 2180 249 2242 neris
262 2205 361 2244 rerum
375 2178 595 2265 cdgnscendos,
608 2177 655 2242 vel
667 2178 772 2243 saltem
782 2180 913 2250 rationes
921 2185 1105 2269 quaerendas,
1114 2206 1180 2269 quae

164 2302 234 2387 jam
246 2306 284 2366 ab
299 2295 625 2386 omnibusperitissimis
640 2301 855 2381 comprobatae,
866 2302 1066 2380 inposterum
1078 2317 1182 2364 aucto-

170 2422 287 2487 ritatem
299 2402 426 2489 'habeant
475 2416 578 2505 Hujus
593 2419 715 2504 quidem
730 2416 856 2483 instituti
870 2442 967 2505 neque
979 2419 1045 2503 ipse
1057 2421 1180 2487 omnino

171 2545 284 2610 oblitus
302 2570 377 2624 sum,
390 2559 557 2624 uunquam,
569 2562 636 2601 nani
651 2538 782 2622 profiteri
794 2538 889 2618 lubet,
902 2563 982 2624 saepe
996 2539 1127 2606 incertus
1136 2547 1181 2607 fe·

170 2671 259 2732 rebar
269 2694 331 2756 quo
345 2687 452 2754 gessus
467 2664 607 2726 inferrem
622 2660 668 2724 vel
684 2661 735 2725 ubi
752 2674 831 2725 tutus
850 2662 1025 2726 insisterem.
1052 2664 1181 2744 Verum,

167 2789 199 2853 in
215 2793 361 2877 principii
372 2802 403 2849 et
417 2784 532 2868 legibus
545 2782 704 2846 Homerici
714 2783 806 2847 metri'
812 2784 973 2848 statuendis
988 2783 1090 2847 videor
1104 2785 1179 2849 mihi

95 2942 134 3007 u·
145 2914 407 2981 :melioresotuna
422 2931 490 2969 usus
501 2930 581 2970 csse:
598 2919 715 2971 rectene
730 2907 768 2969 de
776 2929 824 2984 eo,
833 2930 870 2970 an
881 2920 992 2970 temere
1003 2919 1033 2969 et
1041 2905 1179 2990 imperite
1235 2960 1238 2964 >

53 3038 64 3091 ,ἵ
144 3014 149 3023 ¹
160 3036 360 3124 jiidicavernr,
373 3030 566 3095 doctissimus
576 3031 860 3118 quisquesuffragia
874 3031 960 3094 ferat.
1008 3028 1040 3094 N
1042 3052 1082 3093 on
1096 3028 1178 3113 equi·

49 3180 74 3239 .ιή
164 3159 235 3223 dem
248 3136 346 3243 (1ιῄἷίῖοΙ
360 3155 432 3239 quin
443 3156 517 3218 mihi
529 3155 660 3239 quidam,
674 3154 871 3220 contentionis
885 3176 1004 3236 semper
1018 3150 1115 3216 multo
1126 3140 1178 3217 cu·

95 3290 102 3339 ’,
163 3282 287 3368 pidicus
302 3260 393 3363 q'uarn
410 3278 548 3354 veritatis,
565 3281 630 3365 jam
648 3278 718 3340 vitio
734 3277 882 3355 verterint,
908 3277 989 3362 quod
1010 3274 1041 3338 iu
1055 3274 1179 3361 quibus·

108 3416 115 3423 ''
162 3407 232 3471 darn
247 3392 372 3465 Homeri
380 3398 571 3464 Carminibus
587 3388 776 3461 emundandis
792 3397 860 3482 pius
874 3397 1054 3481 conjecturae
1068 3407 1099 3458 et
1112 3393 1179 3478 opi·

160 3522 396 3602 uiorrisarbitrio,
409 3545 499 3609 quam
508 3525 649 3599 decuerit,
659 3523 802 3600 dederim,
810 3536 842 3585 et
853 3543 958 3605 parum
966 3519 1122 3584 'codicibus
1134 3530 1178 3583 at-

160 3668 215 3732 quo
226 3643 469 3707 doctissimorum
483 3643 652 3705 auctoritati
664 3645 826 3707 obsecutus
841 3638 907 3702 sim.
936 3637 1028 3703 Hanc
1041 3636 1177 3722 culpam,

74 3825 78 3830 .
158 3767 268 3840 fatcor>
276 3761 301 3826 si
310 3762 406 3846 ‘culpa
420 3762 544 3825 dicenda
559 3776 614 3840 est,
627 3760 741 3824 admisi.
786 3760 829 3824 At
843 3760 901 3823 hoo
918 3762 1067 3842 profecto,
1081 3756 1177 3820 nemi·

154 3888 195 3965 ni,
210 3885 263 3971 qui
277 3885 382 3948 Woifii
398 3883 573 3966 Prolegom.
588 3884 618 3947 in
636 3883 818 3959 Homerum,
841 3883 888 3946 vel
902 3878 1016 3964 Heynii
1030 3877 1178 3944 Notds'et

156 3985 391 4096 Observationes
410 4029 540 4093 unquam
561 4005 676 4090 legerit,
698 4027 758 4067 non
779 4005 969 4068 manifestum
991 4000 1056 4079 erit,
1083 4022 1174 4086 quam

155 4131 238 4218 parvi
263 4133 410 4207 adieras
432 4129 575 4197 lectiones
601 4131 743 4196 eruendas
765 4127 930 4196 hicodices
943 4111 1172 4200 habendifsint:
