2654 4740
449 359 662 424 Puosonm
683 358 848 421 GRAECA.
1121 352 1162 417 77

141 544 300 622 Pindaro
315 542 474 618 maxime
490 541 733 617 familiarem:
761 546 907 614 constat
939 557 986 607 ex
1011 531 1161 631 dipodia

138 662 294 739 iambica
311 672 349 744 ct
364 659 574 751 trochaica;
603 659 667 746 sic,

286 810 548 909 ἀναξιφόρμιγγες
565 812 666 907 ὕμνοι.
729 811 839 884 Pind.
859 809 999 903 olymp.
1017 815 1056 894 2,
1077 815 1109 876 l.

289 910 470 948 υ-ιν-ιι·
519 908 589 946 vr·
633 916 648 935 ν

216 994 219 1000 .
285 1018 378 1087 πιθοῦ
392 1011 531 1095 θελήσας
547 1011 692 1144 henrico-m
706 1007 787 1082 τ’.-

307 1108 509 1145 ,.Ι,.ΙΙ.
594 1117 645 1135 ,-

661 1176 768 1270 Soph.
786 1172 903 1277 OEdip.
923 1172 1010 1267 Tyr.
1028 1175 1111 1240 649.

284 1331 334 1412 τίς
348 1329 394 1403 ἔτι
411 1328 481 1403 am’
497 1332 524 1403 ἐν
540 1328 633 1403 τοῖσδ’
652 1328 733 1428 ἁνῆξ.
942 1327 1005 1400 Id.
1023 1331 1109 1395 892.

299 1428 579 1469 νννΙν-ΙΙ·
643 1428 694 1464 vl·

140 1512 237 1588 Vide
256 1512 367 1589 etiam
380 1517 491 1589 Elect.
503 1523 599 1608 2493
628 1514 829 1590 catalectus
845 1506 1026 1611 reperitur
1040 1507 1156 1619 OEdipss

140 1634 440 1729 Tyaoaaom.
969 1670 975 1679 ·

597 2032 691 2109 VII.

430 2215 497 2282 DE
520 2214 861 2282 ASYNARTETIS.

139 2452 292 2529 Hortum
307 2474 479 2525 versuum
496 2451 659 2526 indolem
677 2464 716 2527 et
734 2453 928 2554 artificium
946 2450 1055 2551 plane
1073 2476 1158 2552 cog·

12 2644 19 2657 ,
138 2570 242 2643 novit
259 2594 415 2666 magnus
442 2568 658 2660 Bentleius;
687 2569 791 2666 cujus
808 2570 928 2644 verbis
946 2569 994 2642 ad
1012 2568 1161 2641 Horatii

137 2684 259 2781 Epod.
277 2709 329 2757 xr.
347 2685 403 2757 uti
419 2684 558 2759 licebit.
603 2694 629 2726 “
658 2685 731 2758 Sub
749 2686 875 2783 primis
894 2686 1054 2757 Poeticae
1072 2686 1159 2757 artis

134 2788 302 2875 “initiis
319 2801 475 2899 simplici
492 2801 588 2898 pede
610 2826 736 2875 versus
758 2802 1014 2887 decurrebant,
1042 2802 1160 2873 heroi-

137 2925 164 2963 “
194 2943 260 3007 cus
273 2918 447 3016 Dactyio,
474 2918 684 2993 trochaicus
719 2930 758 2991 et
786 2916 976 3003 iambicuS,
1002 2926 1159 3012 uterque

141 3040 164 3077 “
191 3058 280 3106 suo:
308 3024 378 3106 ni'si
396 3035 470 3121 ubi,
482 3059 547 3132 pes
566 3034 735 3108 omuibus
746 3032 816 3106 illis
832 3044 1027 3130 cognatae,
1045 3032 1162 3129 Spon-

138 3156 165 3191 “
193 3149 294 3221 daeus
311 3150 613 3248 interponebatur
627 3183 637 3244 3
666 3176 738 3251 quo
752 3174 888 3235 versus,
909 3151 1046 3222 tardior
1056 3151 1161 3244 portl-

140 3272 164 3309 “
191 3267 224 3338 lo
238 3268 458 3363 graviorque
479 3256 532 3342 od
545 3292 651 3345 aures
667 3271 811 3341 veniret.
864 3267 1006 3351 Postea,
1032 3275 1075 3338 ut
1101 3290 1161 3341 va·

135 3382 331 3454 “rietatis
356 3385 513 3479 gratiam
541 3397 822 3482 aucuparentur,
853 3381 964 3456 cola*
992 3381 1162 3479 quaedam

136 3505 167 3555 ·“
193 3497 269 3570 sive
286 3510 408 3594 partes
425 3498 566 3582 heroici
591 3525 717 3574 versus
748 3524 834 3572 cum
864 3498 954 3571 colis
981 3497 1160 3572 trochaici

126 3623 166 3661 '·“
190 3615 338 3712 generis
353 3613 415 3688 vel
429 3616 588 3706 iambici,
617 3630 656 3694 et
672 3618 843 3703 vicissim,
869 3616 909 3687 in
936 3608 1056 3688 unum
1080 3640 1158 3689 ver-

182 3980 201 4019 ’t
222 3979 333 4037 Conon
346 3987 387 4038 est
400 3977 550 4037 membrum
564 3977 745 4059 quodflnitis
763 3988 872 4049 conotm
889 3979 1020 4065 pedibus,
1036 3980 1158 4040 Conna

139 4077 276 4143 calamia
285 4097 344 4169 quo
358 4076 636 4161 oelpcrspcdasmt.
1197 4076 1201 4085 ¹
