2654 4740
428 304 639 369 ruosoum
661 266 823 367 career.
1094 305 1135 369 ro
1210 330 1216 337 -

95 472 99 482 ¹
164 485 391 581 “Pleraque
422 484 639 584 Lyricorum
670 485 887 587 carminum,
915 510 996 583 quae
1022 509 1130 560 versu

115 608 140 646 “
168 602 326 698 colisque
345 615 383 675 et
400 603 642 678 commatibus
660 612 943 700 componuntur,
966 627 1013 677 ex
1033 604 1130 676 Stro-

115 725 140 761 “
166 718 248 816 phe,
279 730 317 792 et
345 719 599 818 Antistrophe,
629 731 666 795 et
692 720 838 817 Epodo,
867 731 910 792 ut
927 719 1052 793 Graeci
1068 745 1130 817 ap-

111 840 138 876 “
163 833 315 931 pellant,
342 836 509 909 ordinata
526 836 740 923 subsistunt,
766 860 920 931 quorum
937 837 1030 908 ratio
1046 836 1129 910 talis

113 956 139 991 “
166 962 230 1024 est
282 952 439 1051 Antiqui
458 954 623 1025 Deorum
649 951 776 1025 laudes
797 951 1016 1026 carminibus
1034 977 1131 1026 com·
1193 992 1196 997 ·

112 1072 138 1108 “
164 1069 361 1165 prehensas
379 1069 518 1145 circum
536 1093 614 1142 aras
631 1091 757 1141 eorum
780 1077 909 1141 euntes
934 1071 1129 1160 canebant,

10 1275 15 1289 ι
111 1191 138 1226 “
166 1185 269 1283 cujus
291 1186 450 1283 primum
475 1184 666 1273 ambitum,
692 1209 801 1282 quem
825 1183 1128 1282 ingrediebantur

22 1314 30 1327 “
111 1309 140 1345 “
165 1327 212 1374 ex
229 1314 333 1400 parte
350 1303 480 1379 dextra
495 1303 620 1401 στροφὴν
636 1303 826 1376 vocabant
862 1300 1127 1374 Revorsionem

113 1426 140 1461 ‘⁶
170 1434 293 1494 autem
326 1420 570 1497 sinistrorsum
599 1422 749 1512 factam,
791 1419 974 1517 completo
1007 1420 1129 1517 priore

113 1541 138 1579 “
163 1536 265 1625 orbe,
290 1536 484 1634 onerantem
501 1535 757 1635 appellabant:
785 1535 871 1609 dein
896 1535 935 1608 in
957 1558 1131 1633 conspec-

114 1659 141 1695 “
167 1663 209 1726 tu
227 1654 394 1727 Deorum
408 1655 503 1730 soliti
515 1658 727 1745 consistere,
742 1652 878 1728 cantici
887 1651 1027 1749 reliqua
1045 1676 1130 1726 con-

113 1777 140 1813 “
167 1774 426 1869 sequebantur,
444 1775 668 1873 appellantes
685 1774 724 1846 id
741 1770 858 1869 ἐπῳδόν.
909 1770 1006 1844 Nam
1034 1770 1138 1868 Epo-¹

114 1896 141 1932 “
168 1889 236 1961 dus
254 1901 309 1963 est
334 1890 442 1964 tertia
465 1916 548 1989 pars
575 1902 639 1964 aut
664 1889 836 1988 periodus
864 1886 1009 1986 Lyricae
1031 1887 1128 1960 odes.

114 2012 142 2048 ‘⁶
170 2005 289 2102 Igitur
300 2031 381 2104 quae
398 2019 482 2108 post
494 2007 619 2107 orgeolo
637 2019 675 2085 et
684 2005 888 2108 ἀντιστςοφῆν,
907 2003 1017 2103 ἐπῳδὴν
1031 2003 1129 2081 dice·

118 2131 143 2166 “
168 2122 297 2211 bant,”
314 2127 377 2199 &c
1097 2134 1104 2145 ‘
