2654 4740
524 410 776 495 Pararnrro'.
910 427 916 435 ’
1142 432 1162 497 s

150 606 260 708 Neque
285 618 364 682 enim
387 638 466 701 saepe
489 637 560 678 cum
581 615 642 678 aliis
665 613 853 678 consentiunt
875 635 930 677 nec
952 631 1071 700 semper
1092 615 1159 681 sibi.

150 727 212 808 H'is
223 742 314 827 igitur
329 741 506 826 plerumque
522 734 703 819 posthabitis,
717 736 741 799 si
755 738 874 823 quando
890 736 1019 800 metricis
1034 736 1161 822 legibus,

149 880 234 950 quas,
242 887 279 928 ex
287 863 418 927 instituto
424 873 454 925 et
459 882 512 924 usu
521 855 693 938 Homerro,
704 857 864 943 exploravi,
872 873 1076 943 repugnarent,
1081 858 1161 942 leges

150 984 231 1072 ipsas
253 983 353 1069 potius
375 982 486 1047 itineris
508 979 598 1041 duces
617 978 693 1060 sequi
714 979 787 1043 mihi
809 981 975 1069 proposui3
991 985 1099 1070 jurene
1123 1004 1161 1044 an

151 1107 258 1195 injuria
276 1109 389 1170 factum
413 1103 502 1168 fuerit
515 1099 603 1165 alieni
612 1093 712 1185 juditii
732 1101 801 1166 erin·

218 1381 261 1450 Iu
278 1382 483 1449 concinnando
497 1383 575 1445 hanc
587 1377 711 1444 alteram
733 1382 882 1467 olitionem
897 1370 930 1446 id
942 1382 1090 1469 imprimis
1106 1408 1158 1450 cu·

155 1529 196 1574 rae
210 1508 267 1573 fuit
281 1521 316 1572 ut
329 1506 566 1591 maculasatqne
581 1525 705 1580 errores,
721 1507 762 1585 qu
780 1509 809 1571 in
826 1507 935 1592 priore,
945 1532 981 1572 ex
997 1509 1088 1574 nimia
1103 1513 1161 1574 ses.

156 1631 299 1697 tinatione
307 1642 337 1695 et
346 1628 467 1706 incuria,
482 1630 599 1691 fuerant
609 1621 741 1700 admissi,
757 1645 833 1707 (pam
842 1629 1065 1714 diligentissime
1077 1632 1163 1698 tolle.

154 1774 231 1827 remr
255 1753 380 1830 Verum,
395 1750 512 1815 tametsi
522 1770 646 1832 operam
661 1743 730 1808 dedi
743 1756 776 1805 nt
788 1742 838 1815 ἧς
849 1751 951 1831 editio,
960 1771 1164 1841 praetesquam-

155 1873 307 1960 aliquanto
318 1874 443 1950 auctior,
458 1870 555 1934 multo
566 1868 656 1932 etiam
666 1861 836 1937 emendatio
847 1885 877 1937 et
887 1874 1053 1938 absolutior
1064 1874 1093 1937 jn
1105 1898 1161 1959 pu.

155 1995 271 2061 blisum
283 1994 427 2080 prodiret,
436 1993 583 2077 spondere
591 2011 708 2074 nequeo
720 2009 786 2050 eam
795 1988 834 2047 ab
842 1995 912 2058 <mni
920 1995 987 2059 labe
996 1996 1161 2058 immunem

157 2138 242 2179 esse:
270 2116 355 2180 Nam
369 2115 418 2177 vix
425 2112 491 2181 fieri
499 2124 599 2196 potest
609 2123 643 2175 ut
654 2133 733 2192 opus
740 2108 906 2194 hujusmffi‚
922 2128 983 2179 tam
993 2116 1095 2178 multis
1106 2115 1162 2178 mi.

99 2202 103 2207 ·
156 2235 379 2314 nutissimisque
392 2230 590 2295 rebusoculia
601 2250 666 2289 sese
678 2215 960 2304 offerentibusrmni
971 2238 1041 2301 vitio
1051 2248 1159 2301 careat.

158 2358 195 2424 si
208 2354 280 2443 qnid
294 2366 339 2417 est
353 2352 382 2416 in
398 2375 458 2439 quo
472 2358 631 2435 peccatum
651 2353 698 2431 sit,
720 2374 757 2416 ne
771 2353 802 2416 id
818 2354 965 2441 etiamllla,
981 2385 1047 2449 quae
1061 2361 1162 2447 aliqua·

156 2481 246 2546 laude
271 2477 360 2562 digna
383 2476 451 2555 sint,
478 2479 595 2541 obruat.
643 2476 804 2556 Caeterum,
836 2492 869 2540 nt
894 2479 941 2553 hae
968 2509 1044 2550 nova
1070 2485 1162 2549 editio

160 2576 315 2670 iuventuti
338 2601 474 2684 ingenue·
493 2597 595 2662 utilior
620 2608 649 2662 et
674 2598 772 2684 aptior
793 2599 840 2677 sit,
859 2623 920 2663 non
939 2609 1021 2674 alum
1046 2610 1083 2671 ad
1101 2632 1164 2672 me.

89 2701 94 2709 Ι
158 2724 248 2790 tricas
271 2724 353 2808 leges
372 2721 589 2805 intelligendas,
612 2710 721 2806 quibus
741 2721 772 2784 ni
792 2721 926 2785 instructi
948 2722 1051 2807 fusim,
1075 2731 1165 2816 plane

160 2850 248 2912 rudes
262 2863 293 2911 et
306 2850 419 2928 ἐμήσω
431 2844 618 2910 existimandi
631 2827 725 2924 erunt,¹
743 2869 845 2910 verum
861 2848 949 2910 etiam
966 2842 1058 2921 aleas
1076 2878 1165 2921 voces
1210 2932 1213 2937 ι

161 2985 241 3036 recte
250 2936 456 3056 exprimendas
467 2970 497 3033 in
506 2969 616 3056 quibus
626 2969 770 3053 ancipites
780 2973 939 3050 abundant,
951 2971 1165 3069 pluimuhujus

160 3095 275 3180 generis
289 3093 517 3170 vocabulorum,
532 3115 598 3177 quae
607 3090 785 3175 penultimas
800 3106 830 3155 et
838 3093 1017 3178 antepenult'
1082 3101 1169 3186 sylla.

161 3217 328 3301 baslougas
342 3210 465 3293 habent,
483 3213 567 3278 initio
582 3215 681 3300 operis
695 3214 827 3279 ordinavi
841 3229 871 3278 et
886 3239 941 3280 suo
954 3114 1084 3311 qnoiibie
1098 3223 1168 3289 loco

162 3336 317 3405 collocavi.
361 3339 497 3404 Nomina
510 3351 609 3403 autem
623 3339 759 3402 locorum
773 3352 803 3402 et
818 3361 884 3423 quae
899 3338 1021 3423 propria
1035 3318 1171 3441 libentur

164 3461 228 3526 aine
244 3461 350 3547 injuria
374 3462 537 3527 omittenda
558 3462 715 3527 arbitratus
731 3486 809 3541 sum,
823 3476 912 3549 atque
926 3483 1022 3544 pauca
1035 3444 1172 3571 alirlpqule

162 3581 194 3647 in
220 3581 352 3647 Homeri
366 3583 545 3648 carminibus
560 3585 720 3673 ancipitem
735 3608 813 3648 nunc
829 3583 949 3667 longam
965 3607 1043 3650 nnnc
1058 3588 1174 3667 bretem

162 3707 283 3784 habent,
296 3719 386 3790 prout
401 3707 496 3789 prima
509 3708 555 3770 vel
568 3707 659 3772 altera
673 3707 758 3793 pedis
775 3706 887 3791 syllaba
901 3718 956 3770 est.
983 3698 1174 3792 Deniqnejnt

164 3826 291 3913 quisque
312 3839 476 3891 metrorum
497 3829 612 3913 regulas
633 3829 740 3897 melius
760 3829 947 3915 intelligeret,
972 3827 1175 3915 exemplorum

165 3969 321 4011 numerum
336 3947 415 4028 auxi,
427 3970 521 4035 eaque
531 3951 632 4014 omnia
647 3949 844 4035 signisnotavi
855 3948 1022 4038 quominus
1036 3945 1190 4033 imperitis·

167 4072 328 4135 obstarent.

227 4293 354 4345 &utebar
370 4293 458 4348 Baias.
476 4297 544 4348 Pria,
560 4298 614 4350 Kal.
629 4296 717 4350 Martii
733 4299 800 4346 lala
977 4274 979 4278 V
1029 4246 1204 4686 R
