<?xml version="1.0" encoding="UTF-8"?>
<!DOCTYPE html PUBLIC "-//W3C//DTD XHTML 1.0 Transitional//EN"
    "http://www.w3.org/TR/xhtml1/DTD/xhtml1-transitional.dtd">
<html xmlns="http://www.w3.org/1999/xhtml" xml:lang="en" lang="en">
 <head>
  <title>
</title>
<meta http-equiv="Content-Type" content="text/html;charset=utf-8" />
  <meta name='ocr-system' content='tesseract 3.04.00' />
  <meta name='ocr-capabilities' content='ocr_page ocr_carea ocr_par ocr_line ocrx_word'/>
</head>
<body>
  <div class='ocr_page' id='page_1' title='image "./prosodiagraecas00homegoog_0046.png"; bbox 0 0 2654 4740; ppageno 0'>
   <div class='ocr_carea' id='block_1_1' title="bbox 431 344 1131 443">
    <p class='ocr_par' dir='ltr' id='par_1_1' title="bbox 431 344 1131 443">
     <span class='ocr_line' id='line_1_1' title="bbox 431 344 1131 443; baseline 0.004 -25"><span class='ocrx_word' id='word_1_1' title='bbox 431 348 643 443; x_wconf 76' lang='lat' dir='ltr'>rnosonrn</span> <span class='ocrx_word' id='word_1_2' title='bbox 665 344 830 420; x_wconf 77' lang='lat' dir='ltr'>onnon.</span> <span class='ocrx_word' id='word_1_3' title='bbox 1034 368 1042 374; x_wconf 94' lang='lat'>·</span> <span class='ocrx_word' id='word_1_4' title='bbox 1093 359 1131 422; x_wconf 76' lang='lat' dir='ltr'>rr</span> 
     </span>
    </p>
   </div>
   <div class='ocr_carea' id='block_1_2' title="bbox 87 536 1267 1224">
    <p class='ocr_par' dir='ltr' id='par_1_2' title="bbox 87 536 1267 1224">
     <span class='ocr_line' id='line_1_2' title="bbox 87 536 1129 637; baseline -0.005 -22"><span class='ocrx_word' id='word_1_5' title='bbox 87 557 90 563; x_wconf 83' lang='grc'><em>“</em></span> <span class='ocrx_word' id='word_1_6' title='bbox 112 538 140 585; x_wconf 85' lang='grc'>’“</span> <span class='ocrx_word' id='word_1_7' title='bbox 159 538 346 636; x_wconf 78' lang='lat' dir='ltr'>An&#39;apaesti</span> <span class='ocrx_word' id='word_1_8' title='bbox 363 540 401 612; x_wconf 91' lang='lat' dir='ltr'>in</span> <span class='ocrx_word' id='word_1_9' title='bbox 428 542 609 615; x_wconf 80' lang='lat' dir='ltr'>nltimam:</span> <span class='ocrx_word' id='word_1_10' title='bbox 638 540 831 616; x_wconf 88' lang='lat' dir='ltr'>Tribrachi</span> <span class='ocrx_word' id='word_1_11' title='bbox 855 549 893 612; x_wconf 92' lang='lat' dir='ltr'>et</span> <span class='ocrx_word' id='word_1_12' title='bbox 918 536 1069 637; x_wconf 81' lang='lat' dir='ltr'>Dactyli</span> <span class='ocrx_word' id='word_1_13' title='bbox 1090 538 1129 610; x_wconf 92' lang='lat' dir='ltr'>in</span> 
     </span>
     <span class='ocr_line' id='line_1_3' title="bbox 114 654 1130 755; baseline -0.006 -25"><span class='ocrx_word' id='word_1_14' title='bbox 114 665 138 701; x_wconf 86' lang='lat'><strong>“</strong></span> <span class='ocrx_word' id='word_1_15' title='bbox 154 656 327 730; x_wconf 81' lang='lat' dir='ltr'>mediam:</span> <span class='ocrx_word' id='word_1_16' title='bbox 356 658 401 730; x_wconf 94' lang='lat' dir='ltr'>In</span> <span class='ocrx_word' id='word_1_17' title='bbox 424 659 645 746; x_wconf 57' lang='lat' dir='ltr'>Trocnicis</span> <span class='ocrx_word' id='word_1_18' title='bbox 664 657 768 755; x_wconf 86' lang='lat' dir='ltr'>pedis</span> <span class='ocrx_word' id='word_1_19' title='bbox 795 655 971 754; x_wconf 88' lang='lat' dir='ltr'>cujusque</span> <span class='ocrx_word' id='word_1_20' title='bbox 989 654 1026 725; x_wconf 95' lang='lat' dir='ltr'>in</span> <span class='ocrx_word' id='word_1_21' title='bbox 1052 657 1130 748; x_wconf 54' lang='lat' dir='ltr'>pri*</span> 
     </span>
     <span class='ocr_line' id='line_1_4' title="bbox 110 758 1267 872; baseline -0.005 -25"><span class='ocrx_word' id='word_1_22' title='bbox 110 783 137 817; x_wconf 82' lang='lat'>‘⁶</span> <span class='ocrx_word' id='word_1_23' title='bbox 153 799 267 847; x_wconf 84' lang='lat' dir='ltr'>mom:</span> <span class='ocrx_word' id='word_1_24' title='bbox 297 775 343 846; x_wconf 90' lang='lat' dir='ltr'>In</span> <span class='ocrx_word' id='word_1_25' title='bbox 361 776 604 869; x_wconf 80' lang='lat' dir='ltr'>Anopoertirir,</span> <span class='ocrx_word' id='word_1_26' title='bbox 626 773 816 872; x_wconf 86' lang='lat' dir='ltr'>Anapaesti</span> <span class='ocrx_word' id='word_1_27' title='bbox 843 785 880 846; x_wconf 89' lang='lat' dir='ltr'>et</span> <span class='ocrx_word' id='word_1_28' title='bbox 899 758 1070 869; x_wconf 71' lang='lat' dir='ltr'>Spondrei</span> <span class='ocrx_word' id='word_1_29' title='bbox 1089 771 1129 842; x_wconf 93' lang='lat' dir='ltr'>in</span> <span class='ocrx_word' id='word_1_30' title='bbox 1265 776 1267 780; x_wconf 69' lang='lat'><strong><em>‘</em></strong></span> 
     </span>
     <span class='ocr_line' id='line_1_5' title="bbox 110 886 1164 990; baseline -0.004 -26"><span class='ocrx_word' id='word_1_31' title='bbox 110 896 135 932; x_wconf 92' lang='lat'>“</span> <span class='ocrx_word' id='word_1_32' title='bbox 153 893 308 964; x_wconf 80' lang='lat' dir='ltr'>ultimam</span> <span class='ocrx_word' id='word_1_33' title='bbox 320 922 336 980; x_wconf 91' lang='lat'><em>;</em></span> <span class='ocrx_word' id='word_1_34' title='bbox 364 890 515 990; x_wconf 85' lang='lat' dir='ltr'>Dactyli</span> <span class='ocrx_word' id='word_1_35' title='bbox 545 907 584 963; x_wconf 88' lang='lat' dir='ltr'>et</span> <span class='ocrx_word' id='word_1_36' title='bbox 608 889 929 965; x_wconf 84' lang='lat' dir='ltr'>Proceleusmatici</span> <span class='ocrx_word' id='word_1_37' title='bbox 952 890 989 960; x_wconf 91' lang='lat' dir='ltr'>in</span> <span class='ocrx_word' id='word_1_38' title='bbox 1006 886 1131 985; x_wconf 81' lang='lat' dir='ltr'>penul·</span> <span class='ocrx_word' id='word_1_39' title='bbox 1161 968 1164 973; x_wconf 57' lang='grc'>,</span> 
     </span>
     <span class='ocr_line' id='line_1_6' title="bbox 110 996 1185 1099; baseline 0.004 -20"><span class='ocrx_word' id='word_1_40' title='bbox 110 1010 238 1092; x_wconf 77' lang='lat' dir='ltr'>rimam,</span> <span class='ocrx_word' id='word_1_41' title='bbox 257 1007 353 1080; x_wconf 88' lang='lat' dir='ltr'>ictus</span> <span class='ocrx_word' id='word_1_42' title='bbox 372 996 661 1099; x_wconf 47' lang='lat' dir='ltr'>cadim-Vide</span> <span class='ocrx_word' id='word_1_43' title='bbox 682 1007 833 1081; x_wconf 56' lang='lat' dir='ltr'>Marcell.</span> <span class='ocrx_word' id='word_1_44' title='bbox 850 1007 936 1080; x_wconf 75' lang='lat' dir='ltr'>crit.</span> <span class='ocrx_word' id='word_1_45' title='bbox 960 1008 979 1099; x_wconf 77' lang='lat' dir='ltr'>S</span> <span class='ocrx_word' id='word_1_46' title='bbox 1001 1029 1036 1078; x_wconf 91' lang='lat' dir='ltr'>v.</span> <span class='ocrx_word' id='word_1_47' title='bbox 1067 1003 1131 1079; x_wconf 91' lang='lat' dir='ltr'>Vi·</span> <span class='ocrx_word' id='word_1_48' title='bbox 1180 1077 1185 1083; x_wconf 86' lang='lat'>.</span> 
     </span>
     <span class='ocr_line' id='line_1_7' title="bbox 110 1122 990 1224; baseline -0.001 -28"><span class='ocrx_word' id='word_1_49' title='bbox 110 1122 157 1197; x_wconf 88' lang='lat' dir='ltr'>de</span> <span class='ocrx_word' id='word_1_50' title='bbox 175 1124 284 1224; x_wconf 72' lang='lat' dir='ltr'>etism</span> <span class='ocrx_word' id='word_1_51' title='bbox 302 1124 478 1197; x_wconf 75' lang='lat' dir='ltr'>Hermon.</span> <span class='ocrx_word' id='word_1_52' title='bbox 497 1126 541 1198; x_wconf 85' lang='lat' dir='ltr'>de</span> <span class='ocrx_word' id='word_1_53' title='bbox 559 1124 706 1213; x_wconf 68' lang='lat' dir='ltr'>Matris,</span> <span class='ocrx_word' id='word_1_54' title='bbox 723 1147 759 1220; x_wconf 85' lang='lat' dir='ltr'>p.</span> <span class='ocrx_word' id='word_1_55' title='bbox 784 1132 839 1207; x_wconf 90' lang='lat'>16,</span> <span class='ocrx_word' id='word_1_56' title='bbox 859 1135 898 1196; x_wconf 91' lang='lat' dir='ltr'>et</span> <span class='ocrx_word' id='word_1_57' title='bbox 915 1146 990 1219; x_wconf 87' lang='lat' dir='ltr'>seq.</span> 
     </span>
    </p>
   </div>
   <div class='ocr_carea' id='block_1_3' title="bbox 31 1248 1258 2032">
    <p class='ocr_par' dir='ltr' id='par_1_3' title="bbox 110 1248 1258 1589">
     <span class='ocr_line' id='line_1_8' title="bbox 163 1248 1258 1357; baseline 0.001 -30"><span class='ocrx_word' id='word_1_58' title='bbox 163 1257 391 1330; x_wconf 81' lang='lat' dir='ltr'>Mnrnonorn</span> <span class='ocrx_word' id='word_1_59' title='bbox 411 1270 496 1332; x_wconf 90' lang='lat' dir='ltr'>sunt</span> <span class='ocrx_word' id='word_1_60' title='bbox 510 1258 705 1357; x_wconf 85' lang='lat' dir='ltr'>praecipue</span> <span class='ocrx_word' id='word_1_61' title='bbox 723 1281 855 1331; x_wconf 90' lang='lat' dir='ltr'>novem</span> <span class='ocrx_word' id='word_1_62' title='bbox 869 1279 1020 1352; x_wconf 85' lang='lat' dir='ltr'>genera,</span> <span class='ocrx_word' id='word_1_63' title='bbox 1039 1279 1131 1352; x_wconf 85' lang='lat' dir='ltr'>quae</span> <span class='ocrx_word' id='word_1_64' title='bbox 1255 1248 1258 1253; x_wconf 73' lang='grc'><strong>’</strong></span> 
     </span>
     <span class='ocr_line' id='line_1_9' title="bbox 110 1371 1132 1472; baseline -0.002 -27"><span class='ocrx_word' id='word_1_65' title='bbox 110 1373 260 1446; x_wconf 84' lang='lat' dir='ltr'>nomina</span> <span class='ocrx_word' id='word_1_66' title='bbox 277 1374 479 1448; x_wconf 87' lang='lat' dir='ltr'>sortiuntur</span> <span class='ocrx_word' id='word_1_67' title='bbox 496 1398 543 1448; x_wconf 84' lang='lat' dir='ltr'>ex</span> <span class='ocrx_word' id='word_1_68' title='bbox 559 1379 653 1472; x_wconf 80' lang='lat' dir='ltr'>pede</span> <span class='ocrx_word' id='word_1_69' title='bbox 679 1376 746 1449; x_wconf 83' lang='lat' dir='ltr'><strong>sibi</strong></span> <span class='ocrx_word' id='word_1_70' title='bbox 772 1374 920 1471; x_wconf 86' lang='lat' dir='ltr'>proprio</span> <span class='ocrx_word' id='word_1_71' title='bbox 937 1371 995 1446; x_wconf 90' lang='lat' dir='ltr'>vel</span> <span class='ocrx_word' id='word_1_72' title='bbox 1014 1373 1075 1469; x_wconf 94' lang='lat' dir='ltr'>qui</span> <span class='ocrx_word' id='word_1_73' title='bbox 1093 1373 1132 1444; x_wconf 93' lang='lat' dir='ltr'>in</span> 
     </span>
     <span class='ocr_line' id='line_1_10' title="bbox 112 1491 1132 1589; baseline 0.001 -27"><span class='ocrx_word' id='word_1_74' title='bbox 112 1515 333 1589; x_wconf 89' lang='lat' dir='ltr'>unoquoque</span> <span class='ocrx_word' id='word_1_75' title='bbox 364 1493 522 1566; x_wconf 86' lang='lat' dir='ltr'><strong>maxime</strong></span> <span class='ocrx_word' id='word_1_76' title='bbox 556 1493 776 1568; x_wconf 70' lang='lat' dir='ltr'>invalescit</span> <span class='ocrx_word' id='word_1_77' title='bbox 813 1492 898 1565; x_wconf 81' lang='lat' dir='ltr'>scil.</span> <span class='ocrx_word' id='word_1_78' title='bbox 933 1505 963 1562; x_wconf 93' lang='lat'>1.</span> <span class='ocrx_word' id='word_1_79' title='bbox 1000 1491 1132 1563; x_wconf 82' lang='lat' dir='ltr'><em>lambi·</em></span> 
     </span>
    </p>

    <p class='ocr_par' dir='ltr' id='par_1_4' title="bbox 31 1606 1134 1934">
     <span class='ocr_line' id='line_1_11' title="bbox 31 1606 1134 1706; baseline -0.002 -26"><span class='ocrx_word' id='word_1_80' title='bbox 31 1699 34 1703; x_wconf 18' lang='grc' dir='ltr'>Ι</span> <span class='ocrx_word' id='word_1_81' title='bbox 109 1630 200 1696; x_wconf 82' lang='lat' dir='ltr'><strong><em>cum,</em></strong></span> <span class='ocrx_word' id='word_1_82' title='bbox 227 1622 260 1680; x_wconf 80' lang='lat'>2.</span> <span class='ocrx_word' id='word_1_83' title='bbox 283 1609 527 1699; x_wconf 64' lang='grc' dir='ltr'>Τνοείιαὶεαφη,</span> <span class='ocrx_word' id='word_1_84' title='bbox 561 1624 595 1682; x_wconf 81' lang='lat'>3.</span> <span class='ocrx_word' id='word_1_85' title='bbox 615 1610 889 1706; x_wconf 77' lang='lat' dir='ltr'>Anopoertirum,</span> <span class='ocrx_word' id='word_1_86' title='bbox 915 1620 957 1680; x_wconf 77' lang='lat'>4.·</span> <span class='ocrx_word' id='word_1_87' title='bbox 971 1606 1134 1703; x_wconf 68' lang='lat' dir='ltr'>Dactyli.</span> 
     </span>
     <span class='ocr_line' id='line_1_12' title="bbox 111 1724 1134 1821; baseline 0.001 -25"><span class='ocrx_word' id='word_1_88' title='bbox 111 1749 197 1810; x_wconf 81' lang='lat' dir='ltr'>cunr,</span> <span class='ocrx_word' id='word_1_89' title='bbox 224 1736 258 1796; x_wconf 87' lang='lat'>5.</span> <span class='ocrx_word' id='word_1_90' title='bbox 286 1725 572 1812; x_wconf 71' lang='lat' dir='ltr'>Choriambicum,</span> <span class='ocrx_word' id='word_1_91' title='bbox 606 1736 639 1798; x_wconf 90' lang='lat'>6.</span> <span class='ocrx_word' id='word_1_92' title='bbox 659 1727 947 1821; x_wconf 64' lang='lat' dir='ltr'>monosticum,</span> <span class='ocrx_word' id='word_1_93' title='bbox 980 1733 1014 1802; x_wconf 84' lang='lat'>7.</span> <span class='ocrx_word' id='word_1_94' title='bbox 1033 1724 1134 1797; x_wconf 82' lang='lat' dir='ltr'>Ioni-</span> 
     </span>
     <span class='ocr_line' id='line_1_13' title="bbox 110 1837 1134 1934; baseline -0.001 -20"><span class='ocrx_word' id='word_1_95' title='bbox 110 1865 186 1914; x_wconf 81' lang='lat' dir='ltr'>cum</span> <span class='ocrx_word' id='word_1_96' title='bbox 211 1865 234 1913; x_wconf 86' lang='lat' dir='ltr'><em>a</em></span> <span class='ocrx_word' id='word_1_97' title='bbox 262 1837 407 1934; x_wconf 80' lang='lat' dir='ltr'>majore,</span> <span class='ocrx_word' id='word_1_98' title='bbox 449 1857 482 1917; x_wconf 92' lang='lat'>8.</span> <span class='ocrx_word' id='word_1_99' title='bbox 509 1845 672 1917; x_wconf 81' lang='lat' dir='ltr'>Ionicum</span> <span class='ocrx_word' id='word_1_100' title='bbox 698 1869 721 1916; x_wconf 84' lang='lat' dir='ltr'><strong><em>a</em></strong></span> <span class='ocrx_word' id='word_1_101' title='bbox 749 1846 897 1933; x_wconf 70' lang='lat' dir='ltr'>ndnore,</span> <span class='ocrx_word' id='word_1_102' title='bbox 929 1852 965 1916; x_wconf 89' lang='grc'>9.</span> <span class='ocrx_word' id='word_1_103' title='bbox 993 1843 1134 1915; x_wconf 82' lang='lat' dir='ltr'>Poeoni-</span> 
     </span>
    </p>

    <p class='ocr_par' dir='ltr' id='par_1_5' title="bbox 53 1981 197 2032">
     <span class='ocr_line' id='line_1_14' title="bbox 53 1981 197 2032; baseline -0.014 -2"><span class='ocrx_word' id='word_1_104' title='bbox 53 2010 56 2017; x_wconf 82' lang='lat'>-</span> <span class='ocrx_word' id='word_1_105' title='bbox 110 1981 197 2032; x_wconf 79' lang='lat' dir='ltr'>rum.</span> 
     </span>
    </p>
   </div>
   <div class='ocr_carea' id='block_1_4' title="bbox 20 2090 1247 3583">
    <p class='ocr_par' dir='ltr' id='par_1_6' title="bbox 109 2090 1246 2883">
     <span class='ocr_line' id='line_1_15' title="bbox 161 2090 1135 2188; baseline 0 -26"><span class='ocrx_word' id='word_1_106' title='bbox 161 2090 221 2163; x_wconf 85' lang='lat' dir='ltr'>Ex</span> <span class='ocrx_word' id='word_1_107' title='bbox 245 2116 400 2167; x_wconf 88' lang='lat' dir='ltr'>numero</span> <span class='ocrx_word' id='word_1_108' title='bbox 426 2105 641 2181; x_wconf 81' lang='lat' dir='ltr'><strong>metrorum,</strong></span> <span class='ocrx_word' id='word_1_109' title='bbox 659 2120 723 2166; x_wconf 89' lang='lat' dir='ltr'>seu</span> <span class='ocrx_word' id='word_1_110' title='bbox 741 2097 897 2165; x_wconf 88' lang='lat' dir='ltr'>duorum</span> <span class='ocrx_word' id='word_1_111' title='bbox 915 2093 1067 2188; x_wconf 88' lang='lat' dir='ltr'>pedum,</span> <span class='ocrx_word' id='word_1_112' title='bbox 1095 2090 1135 2162; x_wconf 91' lang='lat' dir='ltr'>in</span> 
     </span>
     <span class='ocr_line' id='line_1_16' title="bbox 112 2203 1134 2304; baseline -0.002 -23"><span class='ocrx_word' id='word_1_113' title='bbox 112 2231 334 2304; x_wconf 85' lang='lat' dir='ltr'>quocunque</span> <span class='ocrx_word' id='word_1_114' title='bbox 351 2231 474 2295; x_wconf 88' lang='lat' dir='ltr'>versu,</span> <span class='ocrx_word' id='word_1_115' title='bbox 492 2217 650 2276; x_wconf 88' lang='lat' dir='ltr'>metrum</span> <span class='ocrx_word' id='word_1_116' title='bbox 668 2207 888 2291; x_wconf 87' lang='lat' dir='ltr'>nominatur,</span> <span class='ocrx_word' id='word_1_117' title='bbox 916 2203 973 2277; x_wconf 90' lang='lat' dir='ltr'>vel</span> <span class='ocrx_word' id='word_1_118' title='bbox 1000 2207 1134 2279; x_wconf 85' lang='lat' dir='ltr'>Mono·</span> 
     </span>
     <span class='ocr_line' id='line_1_17' title="bbox 110 2317 1135 2418; baseline -0.002 -21"><span class='ocrx_word' id='word_1_119' title='bbox 110 2335 270 2410; x_wconf 76' lang='lat' dir='ltr'>metrum,</span> <span class='ocrx_word' id='word_1_120' title='bbox 295 2346 341 2392; x_wconf 89' lang='lat' dir='ltr'>ex</span> <span class='ocrx_word' id='word_1_121' title='bbox 370 2344 444 2390; x_wconf 90' lang='lat' dir='ltr'>nno</span> <span class='ocrx_word' id='word_1_122' title='bbox 470 2331 587 2391; x_wconf 84' lang='lat' dir='ltr'>metro</span> <span class='ocrx_word' id='word_1_123' title='bbox 614 2317 671 2392; x_wconf 91' lang='lat' dir='ltr'>vel</span> <span class='ocrx_word' id='word_1_124' title='bbox 697 2317 840 2393; x_wconf 86' lang='lat' dir='ltr'>dnobus</span> <span class='ocrx_word' id='word_1_125' title='bbox 866 2318 1021 2418; x_wconf 86' lang='lat' dir='ltr'>pedibus</span> <span class='ocrx_word' id='word_1_126' title='bbox 1049 2346 1135 2396; x_wconf 87' lang='lat' dir='ltr'>con-</span> 
     </span>
     <span class='ocr_line' id='line_1_18' title="bbox 111 2433 1246 2536; baseline 0 -23"><span class='ocrx_word' id='word_1_127' title='bbox 111 2448 236 2529; x_wconf 80' lang='lat' dir='ltr'>stans3</span> <span class='ocrx_word' id='word_1_128' title='bbox 263 2439 482 2525; x_wconf 70' lang='lat' dir='ltr'>moenum,</span> <span class='ocrx_word' id='word_1_129' title='bbox 502 2459 549 2508; x_wconf 86' lang='lat' dir='ltr'>ex</span> <span class='ocrx_word' id='word_1_130' title='bbox 576 2433 719 2509; x_wconf 87' lang='lat' dir='ltr'>duobus</span> <span class='ocrx_word' id='word_1_131' title='bbox 744 2438 870 2510; x_wconf 88' lang='lat' dir='ltr'>metris</span> <span class='ocrx_word' id='word_1_132' title='bbox 895 2437 953 2510; x_wconf 92' lang='lat' dir='ltr'>vel</span> <span class='ocrx_word' id='word_1_133' title='bbox 976 2454 1134 2536; x_wconf 86' lang='lat' dir='ltr'>quatuor</span> <span class='ocrx_word' id='word_1_134' title='bbox 1243 2440 1246 2445; x_wconf 69' lang='grc'>’</span> 
     </span>
     <span class='ocr_line' id='line_1_19' title="bbox 109 2547 1134 2654; baseline -0.001 -25"><span class='ocrx_word' id='word_1_135' title='bbox 109 2557 292 2654; x_wconf 79' lang='lat' dir='ltr'>pedibus3</span> <span class='ocrx_word' id='word_1_136' title='bbox 324 2553 550 2639; x_wconf 64' lang='lat' dir='ltr'>Tristem,</span> <span class='ocrx_word' id='word_1_137' title='bbox 581 2551 808 2647; x_wconf 83' lang='lat' dir='ltr'>quodetiam</span> <span class='ocrx_word' id='word_1_138' title='bbox 838 2547 1024 2627; x_wconf 80' lang='lat' dir='ltr'>Senarinm</span> <span class='ocrx_word' id='word_1_139' title='bbox 1042 2575 1134 2628; x_wconf 86' lang='lat' dir='ltr'>nun-</span> 
     </span>
     <span class='ocr_line' id='line_1_20' title="bbox 112 2655 1138 2770; baseline -0.003 -24"><span class='ocrx_word' id='word_1_140' title='bbox 112 2686 280 2770; x_wconf 84' lang='lat' dir='ltr'>cupatur,</span> <span class='ocrx_word' id='word_1_141' title='bbox 295 2692 343 2744; x_wconf 84' lang='lat' dir='ltr'>ex</span> <span class='ocrx_word' id='word_1_142' title='bbox 359 2669 476 2743; x_wconf 85' lang='lat' dir='ltr'>tribus</span> <span class='ocrx_word' id='word_1_143' title='bbox 493 2667 619 2740; x_wconf 86' lang='lat' dir='ltr'>metris</span> <span class='ocrx_word' id='word_1_144' title='bbox 636 2666 696 2739; x_wconf 85' lang='lat' dir='ltr'>vel</span> <span class='ocrx_word' id='word_1_145' title='bbox 713 2683 778 2738; x_wconf 84' lang='lat' dir='ltr'>sex</span> <span class='ocrx_word' id='word_1_146' title='bbox 795 2655 977 2762; x_wconf 80' lang='lat' dir='ltr'>pedibns3</span> <span class='ocrx_word' id='word_1_147' title='bbox 1009 2673 1138 2744; x_wconf 82' lang='lat' dir='ltr'>Tetra--</span> 
     </span>
     <span class='ocr_line' id='line_1_21' title="bbox 111 2782 1132 2883; baseline -0.002 -21"><span class='ocrx_word' id='word_1_148' title='bbox 111 2800 272 2877; x_wconf 72' lang='lat' dir='ltr'>merrom,</span> <span class='ocrx_word' id='word_1_149' title='bbox 306 2811 352 2860; x_wconf 87' lang='lat' dir='ltr'>ex</span> <span class='ocrx_word' id='word_1_150' title='bbox 384 2796 541 2883; x_wconf 88' lang='lat' dir='ltr'>quatuor</span> <span class='ocrx_word' id='word_1_151' title='bbox 575 2782 715 2871; x_wconf 88' lang='lat' dir='ltr'>metris,</span> <span class='ocrx_word' id='word_1_152' title='bbox 754 2782 819 2874; x_wconf 64' lang='lat' dir='ltr'>vei</span> <span class='ocrx_word' id='word_1_153' title='bbox 844 2798 930 2858; x_wconf 87' lang='lat' dir='ltr'>octo</span> <span class='ocrx_word' id='word_1_154' title='bbox 963 2785 1132 2883; x_wconf 90' lang='lat' dir='ltr'>pedibus.</span> 
     </span>
    </p>

    <p class='ocr_par' dir='ltr' id='par_1_7' title="bbox 20 2889 1247 3583">
     <span class='ocr_line' id='line_1_22' title="bbox 20 2889 1247 3000; baseline 0 -22"><span class='ocrx_word' id='word_1_155' title='bbox 20 2928 40 2970; x_wconf 56' lang='grc' dir='ltr'>κ</span> <span class='ocrx_word' id='word_1_156' title='bbox 112 2901 207 2991; x_wconf 84' lang='lat' dir='ltr'>Sunt</span> <span class='ocrx_word' id='word_1_157' title='bbox 224 2903 294 2977; x_wconf 86' lang='lat' dir='ltr'>alia</span> <span class='ocrx_word' id='word_1_158' title='bbox 310 2902 458 3000; x_wconf 87' lang='lat' dir='ltr'>quidem</span> <span class='ocrx_word' id='word_1_159' title='bbox 482 2925 574 2998; x_wconf 87' lang='lat' dir='ltr'>quae</span> <span class='ocrx_word' id='word_1_160' title='bbox 592 2924 657 2997; x_wconf 90' lang='lat' dir='ltr'>per</span> <span class='ocrx_word' id='word_1_161' title='bbox 673 2904 930 2996; x_wconf 71' lang='lat' dir='ltr'>monopodiam,</span> <span class='ocrx_word' id='word_1_162' title='bbox 956 2904 980 2975; x_wconf 85' lang='lat' dir='ltr'>i.</span> <span class='ocrx_word' id='word_1_163' title='bbox 1004 2929 1035 2978; x_wconf 84' lang='lat' dir='ltr'>e.</span> <span class='ocrx_word' id='word_1_164' title='bbox 1064 2906 1135 2978; x_wconf 90' lang='lat' dir='ltr'>sin·</span> <span class='ocrx_word' id='word_1_165' title='bbox 1245 2889 1247 2894; x_wconf 35' lang='lat'>⁵</span> 
     </span>
     <span class='ocr_line' id='line_1_23' title="bbox 109 3013 1133 3121; baseline -0.001 -26"><span class='ocrx_word' id='word_1_166' title='bbox 109 3021 217 3121; x_wconf 80' lang='lat' dir='ltr'>gulos</span> <span class='ocrx_word' id='word_1_167' title='bbox 234 3016 359 3119; x_wconf 89' lang='lat' dir='ltr'>pedes,</span> <span class='ocrx_word' id='word_1_168' title='bbox 387 3013 594 3089; x_wconf 86' lang='lat' dir='ltr'>mensuram</span> <span class='ocrx_word' id='word_1_169' title='bbox 608 3016 768 3108; x_wconf 80' lang='lat' dir='ltr'>habent3</span> <span class='ocrx_word' id='word_1_170' title='bbox 796 3031 838 3090; x_wconf 89' lang='lat' dir='ltr'>ut</span> <span class='ocrx_word' id='word_1_171' title='bbox 856 3021 1133 3112; x_wconf 70' lang='lat' dir='ltr'>pentametrum,</span> 
     </span>
     <span class='ocr_line' id='line_1_24' title="bbox 112 3131 1137 3234; baseline -0.002 -22"><span class='ocrx_word' id='word_1_172' title='bbox 112 3163 158 3212; x_wconf 88' lang='lat' dir='ltr'>ex</span> <span class='ocrx_word' id='word_1_173' title='bbox 178 3139 339 3234; x_wconf 89' lang='lat' dir='ltr'>quinque</span> <span class='ocrx_word' id='word_1_174' title='bbox 355 3131 512 3231; x_wconf 91' lang='lat' dir='ltr'>pedibus</span> <span class='ocrx_word' id='word_1_175' title='bbox 530 3148 701 3206; x_wconf 83' lang='lat' dir='ltr'>constans</span> <span class='ocrx_word' id='word_1_176' title='bbox 716 3164 726 3223; x_wconf 82' lang='lat'>3</span> <span class='ocrx_word' id='word_1_177' title='bbox 747 3146 785 3206; x_wconf 89' lang='lat' dir='ltr'>et</span> <span class='ocrx_word' id='word_1_178' title='bbox 802 3136 1073 3224; x_wconf 78' lang='lat' dir='ltr'>Herometrnm,</span> <span class='ocrx_word' id='word_1_179' title='bbox 1089 3160 1137 3211; x_wconf 84' lang='lat' dir='ltr'>ex</span> 
     </span>
     <span class='ocr_line' id='line_1_25' title="bbox 112 3249 1135 3350; baseline -0.003 -22"><span class='ocrx_word' id='word_1_180' title='bbox 112 3278 204 3328; x_wconf 88' lang='lat' dir='ltr'>sex:</span> <span class='ocrx_word' id='word_1_181' title='bbox 231 3251 300 3324; x_wconf 85' lang='lat' dir='ltr'>alia</span> <span class='ocrx_word' id='word_1_182' title='bbox 319 3274 405 3324; x_wconf 91' lang='lat' dir='ltr'>vero</span> <span class='ocrx_word' id='word_1_183' title='bbox 422 3273 489 3345; x_wconf 90' lang='lat' dir='ltr'>per</span> <span class='ocrx_word' id='word_1_184' title='bbox 506 3249 716 3344; x_wconf 78' lang='lat' dir='ltr'>Dipodiom,</span> <span class='ocrx_word' id='word_1_185' title='bbox 733 3252 757 3323; x_wconf 81' lang='lat' dir='ltr'>i.</span> <span class='ocrx_word' id='word_1_186' title='bbox 774 3275 805 3322; x_wconf 87' lang='lat' dir='ltr'>e.</span> <span class='ocrx_word' id='word_1_187' title='bbox 819 3251 926 3324; x_wconf 92' lang='lat' dir='ltr'>binos</span> <span class='ocrx_word' id='word_1_188' title='bbox 937 3254 1072 3350; x_wconf 84' lang='lat' dir='ltr'>pedes3</span> <span class='ocrx_word' id='word_1_189' title='bbox 1094 3265 1135 3326; x_wconf 89' lang='lat' dir='ltr'>ut</span> 
     </span>
     <span class='ocr_line' id='line_1_26' title="bbox 113 3366 1134 3466; baseline 0 -22"><span class='ocrx_word' id='word_1_190' title='bbox 113 3369 279 3444; x_wconf 84' lang='lat' dir='ltr'>Iambica</span> <span class='ocrx_word' id='word_1_191' title='bbox 304 3378 342 3440; x_wconf 91' lang='lat' dir='ltr'>et</span> <span class='ocrx_word' id='word_1_192' title='bbox 367 3366 586 3440; x_wconf 86' lang='lat' dir='ltr'>Trochaica.</span> <span class='ocrx_word' id='word_1_193' title='bbox 640 3366 747 3441; x_wconf 82' lang='lat' dir='ltr'>Haec</span> <span class='ocrx_word' id='word_1_194' title='bbox 778 3367 967 3466; x_wconf 83' lang='lat' dir='ltr'>dispositio</span> <span class='ocrx_word' id='word_1_195' title='bbox 995 3371 1134 3466; x_wconf 92' lang='lat' dir='ltr'>pedum</span> 
     </span>
     <span class='ocr_line' id='line_1_27' title="bbox 112 3483 821 3583; baseline -0.008 -22"><span class='ocrx_word' id='word_1_196' title='bbox 112 3486 275 3583; x_wconf 77' lang='lat' dir='ltr'>Syzygia</span> <span class='ocrx_word' id='word_1_197' title='bbox 292 3483 401 3555; x_wconf 80' lang='lat' dir='ltr'>etiarn</span> <span class='ocrx_word' id='word_1_198' title='bbox 419 3496 584 3557; x_wconf 86' lang='lat' dir='ltr'>vocatur.</span> <span class='ocrx_word' id='word_1_199' title='bbox 692 3535 694 3540; x_wconf 88' lang='lat'><em>-</em></span> <span class='ocrx_word' id='word_1_200' title='bbox 793 3530 798 3537; x_wconf 89' lang='lat'>-</span> <span class='ocrx_word' id='word_1_201' title='bbox 818 3528 821 3535; x_wconf 89' lang='lat'>·</span> 
     </span>
    </p>
   </div>
   <div class='ocr_carea' id='block_1_5' title="bbox 112 3616 1134 3811">
    <p class='ocr_par' dir='ltr' id='par_1_8' title="bbox 112 3616 1134 3811">
     <span class='ocr_line' id='line_1_28' title="bbox 165 3616 1134 3728; baseline 0.005 -35"><span class='ocrx_word' id='word_1_202' title='bbox 165 3622 334 3728; x_wconf 89' lang='lat' dir='ltr'>Duorum</span> <span class='ocrx_word' id='word_1_203' title='bbox 361 3616 498 3714; x_wconf 87' lang='lat' dir='ltr'>pedum</span> <span class='ocrx_word' id='word_1_204' title='bbox 527 3616 742 3717; x_wconf 85' lang='lat' dir='ltr'>conjunctio</span> <span class='ocrx_word' id='word_1_205' title='bbox 759 3620 821 3718; x_wconf 91' lang='lat' dir='ltr'>qui</span> <span class='ocrx_word' id='word_1_206' title='bbox 839 3644 925 3695; x_wconf 85' lang='lat' dir='ltr'>cum</span> <span class='ocrx_word' id='word_1_207' title='bbox 946 3622 1134 3699; x_wconf 89' lang='lat' dir='ltr'>ordinibus</span> 
     </span>
     <span class='ocr_line' id='line_1_29' title="bbox 112 3733 724 3811; baseline -0.003 -1"><span class='ocrx_word' id='word_1_208' title='bbox 112 3737 213 3811; x_wconf 80' lang='lat' dir='ltr'>hand</span> <span class='ocrx_word' id='word_1_209' title='bbox 231 3733 432 3809; x_wconf 83' lang='lat' dir='ltr'>cohaerent</span> <span class='ocrx_word' id='word_1_210' title='bbox 453 3737 558 3809; x_wconf 79' lang='lat' dir='ltr'>Baris</span> <span class='ocrx_word' id='word_1_211' title='bbox 575 3734 724 3808; x_wconf 86' lang='lat' dir='ltr'>dicitur.</span> 
     </span>
    </p>
   </div>
   <div class='ocr_carea' id='block_1_6' title="bbox 114 3870 1139 4213">
    <p class='ocr_par' dir='ltr' id='par_1_9' title="bbox 114 3870 1139 4213">
     <span class='ocr_line' id='line_1_30' title="bbox 164 3870 1134 3948; baseline 0.004 -4"><span class='ocrx_word' id='word_1_212' title='bbox 164 3872 197 3944; x_wconf 86' lang='lat' dir='ltr'>E</span> <span class='ocrx_word' id='word_1_213' title='bbox 215 3870 452 3946; x_wconf 84' lang='lat' dir='ltr'>dimensionis</span> <span class='ocrx_word' id='word_1_214' title='bbox 470 3870 730 3942; x_wconf 87' lang='lat' dir='ltr'>terminatione</span> <span class='ocrx_word' id='word_1_215' title='bbox 747 3893 872 3943; x_wconf 87' lang='lat' dir='ltr'>versus</span> <span class='ocrx_word' id='word_1_216' title='bbox 891 3884 947 3946; x_wconf 90' lang='lat' dir='ltr'>est</span> <span class='ocrx_word' id='word_1_217' title='bbox 968 3874 1026 3947; x_wconf 86' lang='lat' dir='ltr'>vel</span> <span class='ocrx_word' id='word_1_218' title='bbox 1043 3877 1134 3948; x_wconf 82' lang='lat' dir='ltr'><em>Aca-</em></span> 
     </span>
     <span class='ocr_line' id='line_1_31' title="bbox 116 3982 1139 4083; baseline -0.002 -21"><span class='ocrx_word' id='word_1_219' title='bbox 116 3990 269 4073; x_wconf 63' lang='lat' dir='ltr'>ranerio,</span> <span class='ocrx_word' id='word_1_220' title='bbox 288 3987 347 4061; x_wconf 88' lang='lat' dir='ltr'>vel</span> <span class='ocrx_word' id='word_1_221' title='bbox 373 3986 581 4075; x_wconf 70' lang='lat' dir='ltr'>catalectur,</span> <span class='ocrx_word' id='word_1_222' title='bbox 618 3984 678 4059; x_wconf 89' lang='lat' dir='ltr'>vel</span> <span class='ocrx_word' id='word_1_223' title='bbox 703 3982 1046 4083; x_wconf 55' lang='lat' dir='ltr'>Bracnycatanctur</span> <span class='ocrx_word' id='word_1_224' title='bbox 1080 3988 1139 4061; x_wconf 85' lang='lat' dir='ltr'>vel</span> 
     </span>
     <span class='ocr_line' id='line_1_32' title="bbox 114 4102 1066 4213; baseline -0.003 -38"><span class='ocrx_word' id='word_1_225' title='bbox 114 4102 445 4213; x_wconf 71' lang='lat' dir='ltr'>Hyperratalectnr.</span> <span class='ocrx_word' id='word_1_226' title='bbox 1060 4106 1066 4113; x_wconf 87' lang='lat'>&#39;</span> 
     </span>
    </p>
   </div>
   <div class='ocr_carea' id='block_1_7' title="bbox 10 4220 1252 4424">
    <p class='ocr_par' dir='ltr' id='par_1_10' title="bbox 10 4220 1252 4424">
     <span class='ocr_line' id='line_1_33' title="bbox 10 4220 1252 4424; baseline -0.002 -71"><span class='ocrx_word' id='word_1_227' title='bbox 10 4260 52 4353; x_wconf 69' lang='lat'>5·</span> <span class='ocrx_word' id='word_1_228' title='bbox 636 4243 863 4297; x_wconf 56' lang='lat' dir='ltr'>-ss</span> <span class='ocrx_word' id='word_1_229' title='bbox 1175 4220 1252 4424; x_wconf 62' lang='lat' dir='ltr'><strong><em>f</em></strong></span> 
     </span>
    </p>
   </div>
   <div class='ocr_carea' id='block_1_8' title="bbox 0 0 1335 4740">
    <p class='ocr_par' dir='ltr' id='par_1_11' title="bbox 0 0 1335 4740">
     <span class='ocr_line' id='line_1_34' title="bbox 0 0 1335 4740; baseline 0 0"><span class='ocrx_word' id='word_1_230' title='bbox 0 0 1335 4740; x_wconf 95' lang='lat' dir='ltr'> </span> 
     </span>
    </p>
   </div>
  </div>
 </body>
</html>
