2654 4740
467 374 680 438 PROSODIA
702 370 867 440 GRAECA.
1134 382 1172 439 ³5

151 566 266 649 nuria
294 584 379 637 curn
403 573 487 660 post
511 561 610 642 duos
632 559 760 659 pedes,
790 585 854 634 seu
885 569 1041 656 quatuor
1065 560 1170 632 senri-

150 682 276 781 pedes,
307 681 525 778 relinquitur
554 679 706 780 syllaba.
756 694 791 754 3.
834 674 1168 775 Haphrlre'mimeria

150 822 236 872 cum
253 810 338 896 post
354 810 428 872 tres
437 799 572 900 pedes,
598 824 661 872 seu
680 824 745 871 sex
762 798 980 895 semipedes,
998 796 1169 894 relinqui-

147 927 212 990 tur
232 914 380 1017 syllaba.
432 928 467 988 4.
495 916 765 1005 Ennemimerir,
795 900 880 989 ourn
906 927 989 1012 post
1014 927 1170 1011 quatuor

146 1031 276 1131 pedes,
302 1057 367 1107 seu
385 1048 471 1106 octo
489 1033 706 1131 semipedes,
725 1033 942 1131 relinquitur
960 1031 1107 1133 syllaba.

200 1164 277 1240 Hic
294 1166 367 1240 loci
385 1179 632 1266 opportunum
651 1178 706 1241 est
719 1167 990 1242 observationes
1010 1165 1169 1239 Dawesii

150 1283 197 1356 de
222 1284 378 1382 pedibus
407 1285 575 1384 ἰσοχςόνοις,
590 1284 676 1359 ,sive
705 1278 897 1382 ἰσοδυνάμοις
927 1306 1094 1356 enarrare
1110 1311 1170 1354 :-

150 1409 174 1446 “
192 1402 379 1477 Videntur
409 1404 557 1502 quidem
587 1404 654 1477 viri
684 1404 818 1478 eruditi
845 1414 923 1477 tota
948 1403 1006 1475 via
1031 1402 1169 1501 errasse
1235 1462 1238 1475 .

148 1524 174 1562 “
194 1520 255 1617 qui
273 1518 386 1620 pedes
403 1522 442 1595 in
459 1522 669 1596 universurn
687 1522 855 1621 ἰσοχςὸνους
872 1523 947 1596 sive
963 1514 1168 1622 ’ἰσοδυνάμους

150 1644 172 1678 “
193 1642 398 1727 statuerint,
435 1664 589 1738 quorum
619 1651 697 1714 tota
728 1641 910 1738 quantitas
928 1639 976 1711 sit
993 1634 1165 1735 aequalis.

24 1832 27 1840 ,
148 1761 170 1796 “
191 1755 330 1829 Contra
348 1758 444 1831 enirn
463 1759 551 1832 mihi
568 1782 780 1857 persuasum
808 1769 861 1831 est
888 1755 969 1829 illos
987 1754 1169 1827 duntaxat

145 1877 172 1915 ‘⁴
190 1872 344 1969 pedesa
369 1876 551 1950 veteribus
576 1882 751 1975 tanquam
763 1873 932 1973 ἰσοχξόνους
944 1870 1069 1944 haberi
1087 1866 1168 1941 soli-

42 2044 44 2049 ,
147 1997 173 2031 ‘⁶
192 2002 264 2080 tos,
294 1993 421 2089 quiin
448 1996 608 2094 singulas
637 1997 766 2069 itidem
793 2007 914 2094 partes
941 1989 1167 2088 temporibus

95 2191 97 2196 ,
149 2112 173 2145 “
190 2108 359 2201 aequales
381 2112 495 2183 secari
512 2124 672 2206 possent,
703 2113 755 2181 ita
780 2111 921 2181 scilieet
948 2120 991 2175 ut
1016 2102 1167 2198 singulis

147 2225 173 2259 “
191 2217 311 2315 longis
336 2221 396 2294 vel
413 2221 577 2315 singulae
594 2222 723 2294 itidem
739 2221 883 2317 longae,
915 2219 974 2293 val
992 2231 1093 2292 certe
1114 2217 1167 2291 bi-

148 2341 172 2375 “
191 2357 260 2406 nae
282 2336 412 2406 breves
436 2332 713 2429 responderent
764 2335 822 2406 En
849 2334 916 2408 tibi
937 2334 1077 2433 pedum
1103 2358 1166 2408 ex.

145 2457 171 2517 ‘⁵
191 2449 311 2548 empla
328 2475 414 2525 cum
431 2450 584 2548 ἰσοχξόνων
601 2461 680 2524 tum
702 2452 901 2552 ἀνισοχξόνων.
940 2522 944 2529 .

400 2596 442 2655 Ἀ
749 2599 774 2656 Β
824 2597 826 2604 ·
930 2564 933 2569 ’
1076 2603 1130 2669 c,

185 2690 312 2789 Iarnbur,
352 2780 354 2784 ,
404 2750 425 2777 υ
514 2717 680 2797 Trochoeus,
739 2685 784 2778 -l,
845 2720 1012 2798 spondeus,
1069 2756 1087 2767 -

185 2838 371 2919 Tribrachys,
460 2862 482 2900 υ
516 2782 781 2947 Tribraohyauul
841 2840 992 2922 Dactylus,
1060 2694 1140 3054 fu

293 2938 297 2947 ‚
524 3028 526 3045 s
845 2965 1053 3046 Anapaestus‚u
1094 3003 1112 3016 -

416 3060 448 3119 D
847 3064 873 3122 E

186 3179 362 3253 Trochaeus,
407 3212 451 3242 -υ
510 3181 693 3260 'Spondoeus,
832 3167 875 3230 -l-

185 3299 310 3372 hmbus'
403 3332 448 3363 ⁰*
523 3226 903 3478 amphibrachysqss

147 3562 317 3636 “Habes
343 3564 469 3662 utique
493 3564 671 3643 linearum
693 3566 899 3644 'secantium
919 3570 1036 3666 ABC,
1063 3546 1160 3654 utra·
1230 3614 1233 3622 ·

145 3688 172 3736 t‘
188 3681 242 3753 vis
261 3705 306 3753 ex
320 3693 424 3778 parte
436 3691 602 3781 tempora
614 3708 688 3758 non
706 3687 774 3758 nisi
792 3687 980 3783 aequalia3
1007 3693 1161 3794 reliqua·

147 3808 170 3840 “
188 3821 269 3869 rum
288 3822 375 3871 vero
394 3797 431 3870 D
449 3810 487 3871 et
505 3800 536 3872 E
553 3823 628 3874 non
645 3803 713 3877 nisi
731 3803 943 3901 inaequalia.
997 3810 1159 3911 Percipis

146 3919 171 3955 “
184 3912 260 4010 jam
278 3915 456 3988 rationem
471 3909 661 3990 decantati
677 3916 786 4010 illius,
813 3921 830 3992 ὅ
844 3932 986 4021 τροχαῖος
1002 3927 1167 4003 ἀντιπαθῆ

145 4035 171 4118 .“
187 4034 231 4126 τῷ
257 4028 373 4132 ι’άμζῳ,
398 4033 474 4107 sive
491 4034 538 4108 ob
557 4056 664 4133 quam
680 4034 720 4110 in
737 4048 843 4112 vorsu
861 4041 1048 4117 trochaico
1065 4044 1160 4119 lam-

809 4181 832 4230 Ε
852 4169 875 4228 2
